<record xmlns="http://www.loc.gov/MARC21/slim" xmlns:xsi="http://www.w3.org/2001/XMLSchema-instance" xsi:schemaLocation="http://www.loc.gov/MARC21/slim http://www.loc.gov/standards/marcxml/schema/MARC21slim.xsd"><leader>02347nam a2200397   4500</leader><controlfield tag="001">001680159</controlfield><controlfield tag="003">NNU</controlfield><controlfield tag="006">m        d        </controlfield><controlfield tag="007">cr cn |||m|||a</controlfield><controlfield tag="008">150223m19589999iq      ob    000 0 arard</controlfield><datafield ind1=" " ind2=" " tag="040"><subfield code="a">NNU</subfield><subfield code="b">eng</subfield><subfield code="e">rda</subfield><subfield code="c">NNU</subfield></datafield><datafield ind1=" " ind2="4" tag="050"><subfield code="a">PJ7557</subfield><subfield code="b">.T128</subfield></datafield><datafield ind1="1" ind2=" " tag="100"><subfield code="6">880-01</subfield><subfield code="a">T&#803;a&#772;hir, &#699;Ali&#772; Jawa&#772;d.</subfield></datafield><datafield ind1="1" ind2="3" tag="245"><subfield code="6">880-02</subfield><subfield code="a">al-Shi&#699;r al-&#699;Arabi&#772; fi&#772; al-&#699;Ira&#772;q wa-bila&#772;d al-&#699;Ajam fi&#772; al-&#699;as&#803;r al-Salju&#772;qi&#772; :</subfield><subfield code="b">min awa&#772;sit&#803; al-mi&#700;ah al-kha&#772;misah ila&#769; awa&#772;sit&#803; al-mi&#700;ah al-sa&#772;disah /</subfield><subfield code="c">&#699;Ali&#772; Jawa&#772;d al-T&#803;a&#772;hir.</subfield></datafield><datafield ind1="1" ind2=" " tag="246"><subfield code="i">Title on v. 2, p. [4] of cover:</subfield><subfield code="a">Poe&#769;sie arabe en Irak et en Perse sous les Seljoukides</subfield></datafield><datafield ind1=" " ind2=" " tag="260"><subfield code="6">880-03</subfield><subfield code="a">Baghda&#772;d :</subfield><subfield code="b">Mat&#803;ba&#699;at al-Ma&#699;a&#772;rif,</subfield><subfield code="c">1958-</subfield></datafield><datafield ind1=" " ind2=" " tag="300"><subfield code="a">online resource (volumes)</subfield></datafield><datafield ind1=" " ind2=" " tag="336"><subfield code="a">text</subfield><subfield code="2">rdacontent</subfield></datafield><datafield ind1=" " ind2=" " tag="337"><subfield code="a">computer</subfield><subfield code="2">rdamedia</subfield></datafield><datafield ind1=" " ind2=" " tag="338"><subfield code="a">online resource</subfield><subfield code="2">rdacarrier</subfield></datafield><datafield ind1=" " ind2=" " tag="500"><subfield code="a">Part of the Arabic Collections Online (ACO) project, contributed by New York Univeristy Libraries.</subfield></datafield><datafield ind1=" " ind2=" " tag="504"><subfield code="a">Includes bibliographical references.</subfield></datafield><datafield ind1=" " ind2=" " tag="533"><subfield code="a">Electronic reproduction.</subfield><subfield code="b">New York, N.Y. :</subfield><subfield code="c">New York University,</subfield><subfield code="d">2015.</subfield><subfield code="5">NNU</subfield></datafield><datafield ind1=" " ind2="0" tag="650"><subfield code="a">Arabic literature</subfield><subfield code="x">History and criticism.</subfield></datafield><datafield ind1=" " ind2="7" tag="650"><subfield code="a">Arabic literature.</subfield><subfield code="2">fast</subfield><subfield code="0">(OCoLC)fst00812478</subfield></datafield><datafield ind1=" " ind2="7" tag="655"><subfield code="a">Criticism, interpretation, etc.</subfield><subfield code="2">fast</subfield><subfield code="0">(OCoLC)fst01411635</subfield></datafield><datafield ind1="2" ind2=" " tag="710"><subfield code="a">New York University.</subfield><subfield code="b">Libraries.</subfield></datafield><datafield ind1="0" ind2=" " tag="730"><subfield code="a">Arabic Collections Online.</subfield></datafield><datafield ind1="0" ind2="8" tag="776"><subfield code="i">Online version:</subfield><subfield code="a">T&#803;a&#772;hir, &#699;Ali&#772; Jawa&#772;d.</subfield><subfield code="t">Shi&#699;r al-&#699;Arabi&#772; fi&#772; al-&#699;Ira&#772;q wa-bila&#772;d al-&#699;Ajam fi&#772; al-&#699;as&#803;r al-Salju&#772;qi&#772;.</subfield><subfield code="d">Baghda&#772;d : Mat&#803;ba&#699;at al-Ma&#699;a&#772;rif, 1958-</subfield><subfield code="w">(OCoLC)644044306</subfield></datafield><datafield ind1="0" ind2="8" tag="776"><subfield code="i">Print version:</subfield><subfield code="a">T&#803;a&#772;hir, &#699;Ali&#772; Jawa&#772;d.</subfield><subfield code="t">al-Shi&#699;r al-&#699;Arabi&#772; fi&#772; al-&#699;Ira&#772;q wa-bila&#772;d al-&#699;Ajam fi&#772; al-&#699;as&#803;r al-Salju&#772;qi&#772;</subfield><subfield code="w">(NNU)001680159</subfield><subfield code="w">(DLC)   68001635</subfield></datafield><datafield ind1="4" ind2="0" tag="856"><subfield code="u">http://hdl.handle.net/2333.1/fbg79fw2</subfield></datafield><datafield ind1="1" ind2=" " tag="880"><subfield code="6">100-01/</subfield><subfield code="a">&#1591;&#1575;&#1607;&#1585;&#1548; &#1593;&#1604;&#1610; &#1580;&#1608;&#1575;&#1583;.</subfield></datafield><datafield ind1="1" ind2="2" tag="880"><subfield code="6">245-02/</subfield><subfield code="a">&#1575;&#1604;&#1588;&#1593;&#1585; &#1575;&#1604;&#1593;&#1585;&#1576;&#1610; &#1601;&#1610; &#1575;&#1604;&#1593;&#1585;&#1575;&#1602; &#1608;&#1576;&#1604;&#1575;&#1583; &#1575;&#1604;&#1593;&#1580;&#1605; &#1601;&#1610; &#1575;&#1604;&#1593;&#1589;&#1585; &#1575;&#1604;&#1587;&#1604;&#1580;&#1608;&#1602;&#1610; :</subfield><subfield code="b">&#1605;&#1606; &#1571;&#1608;&#1575;&#1587;&#1591; &#1575;&#1604;&#1605;&#1574;&#1577; &#1575;&#1604;&#1582;&#1575;&#1605;&#1587;&#1577; &#1573;&#1604;&#1609; &#1571;&#1608;&#1575;&#1587;&#1591; &#1575;&#1604;&#1605;&#1574;&#1577; &#1575;&#1604;&#1587;&#1575;&#1583;&#1587;&#1577; /</subfield><subfield code="c">&#1593;&#1604;&#1610; &#1580;&#1608;&#1575;&#1583; &#1575;&#1604;&#1591;&#1575;&#1607;&#1585;.</subfield></datafield><datafield ind1=" " ind2=" " tag="880"><subfield code="6">260-03/</subfield><subfield code="a">&#1576;&#1594;&#1583;&#1575;&#1583; :</subfield><subfield code="b">&#1605;&#1591;&#1576;&#1593;&#1577; &#1575;&#1604;&#1605;&#1593;&#1575;&#1585;&#1601;&#1548;</subfield><subfield code="c">1958-</subfield></datafield><datafield ind1=" " ind2=" " tag="959"><subfield code="a">NNU</subfield><subfield code="b">WEB</subfield><subfield code="c">GENI</subfield><subfield code="t">0</subfield><subfield code="m">Electronic access</subfield><subfield code="s">01</subfield></datafield><datafield ind1=" " ind2=" " tag="999"><subfield code="i">NNU_001680159</subfield><subfield code="s">nyu_aco000077:v.1</subfield><subfield code="e">(ERROR-880)</subfield></datafield></record>